@software{d3js,
  author = {{Mike Bostock} and others},
  title = {D3.js - Data-Driven Documents},
  year = {2010},
  url = {https://d3js.org/},
}

@software{svelte,
  author = {{Rich Harris} and others},
  title = {Svelte - Cybernetically enhanced web apps},
  year = {2016},
  url = {https://svelte.dev/},
}


@software{flask,
  author = {Ronacher, Armin},
  title = {Flask - A Python Microframework},
  year = {2010},
  url = {https://flask.palletsprojects.com/},
}

@article{gardner2018gpytorch,
  title={GPyTorch: Blackbox Matrix-Matrix Gaussian Process Inference with GPU Acceleration},
  author={Gardner, Jacob R and Pleiss, Geoff and Weinberger, Kilian Q and Bindel, David},
  journal={arXiv preprint arXiv:1809.11165},
  year={2018}
}

@inproceedings{paszke2019pytorch,
  title={PyTorch: An Imperative Style, High-Performance Deep Learning Library},
  author={Paszke, Adam and Gross, Sam and Massa, Francisco and Lerer, Adam and Bradbury, James and Chanan, Gregory and Killeen, Trevor and Lin, Zeming and Gimelshein, Natalia and Antiga, Luca and others},
  booktitle={Advances in Neural Information Processing Systems},
  pages={8024--8035},
  year={2019},
  url={https://pytorch.org/}
}

@article{rasmussen2006gaussian,
  title={Gaussian processes for machine learning},
  author={Rasmussen, Carl Edward},
  journal={International Journal of Neural Systems},
  volume={16},
  number={02},
  pages={69--106},
  year={2006},
  publisher={World Scientific}
}

@article{gortler2019a,
  author = {GÃ¶rtler, Jochen and Kehlbeck, Rebecca and Deussen, Oliver},
  title = {A Visual Exploration of Gaussian Processes},
  journal = {Distill},
  year = {2019},
  note = {https://distill.pub/2019/visual-exploration-gaussian-processes},
  doi = {10.23915/distill.00017}
}

@book{smlbook,
   author = {Lindholm, Andreas and Wahlstr\"om, Niklas and Lindsten, Fredrik and Sch\"on, Thomas B.},
   year = 2022,
   title = {Machine Learning - A First Course for Engineers and Scientists},
   publisher = {Cambridge University Press},
   URL={https://smlbook.org},
}

@manual{gpguide,
  author       = {{M}arc {P}eter {D}eisenroth, {Y}icheng {L}uo, {M}ark van der {W}ilk},
  title        = {A Practical Guide to Gaussian Processes}
}