@INPROCEEDINGS{Elzen2011,
  author={van den Elzen, Stef and van Wijk, Jarke J.},
  booktitle={2011 IEEE Conference on Visual Analytics Science and Technology (VAST)}, 
  title={BaobabView: Interactive construction and analysis of decision trees}, 
  year={2011},
  pages={151-160},
  doi={10.1109/VAST.2011.6102453}}